@article{deepmind,
  title={DeepMindâ€™s StarCraft 2 AI is now better than 99.8 percent of all human players},
  author={Nick Statt},
  year={2019},
  publisher={theverge},
  url={https://www.theverge.com/2019/10/30/20939147/deepmind-google-alphastar-starcraft-2-research-grandmaster-level}
}

@article{ai,
  title={The History of Artificial Intelligence},
  author={Chris Smith,Brian McGuire,Ting Huang,Gary Yang},
  year={2006},
  publisher={University of Washington},
  url={https://courses.cs.washington.edu/courses/csep590/06au/projects/history-ai.pdf}
}

@misc{dosbox,
  title={DosBox},
  howpublished="\url{https://www.dosbox.com/}",
  year={[Online, 2021.04.15]}
}

@book{opencv,
title={Learning OpenCV: Computer vision with the OpenCV library},
author={Bradski, Gary and Kaehler, Adrian},
year={2008},
publisher={" O'Reilly Media, Inc."}
}

@book{numpy,
	title={A guide to NumPy},
	author={Oliphant, Travis E},
	volume={1},
	year={2006},
	publisher={Trelgol Publishing USA}
}

@book{zmq,
	title={ZeroMQ},
	author={Akgul, Faruk},
	year={2013},
	publisher={Packt Publishing Ltd}
}

@misc{saveall,
  author={AntumDeluge},
  title={Save All},
  howpublished="\url{https://antumdeluge.wordpress.com/2017/12/20/export-all-open-images-in-gimp/}",
  year={[Online, 2021.04.15]}
}

@misc{bimp,
  author={Alessandro Francesconi},
  title={BIMP},
  howpublished="\url{https://alessandrofrancesconi.it/projects/bimp/}",
  year={[Online, 2021.04.15]}
}

@misc{tesseract,
  title={Tesseract OCR},
  publisher={Mannheim University},
  howpublished="\url{https://github.com/UB-Mannheim/tesseract/wiki}",
  year={[Online, 2021.04.15]}
}

@article{skeletonization,
  title={Skeletonization/Medial Axis Transform},
  author={Robert Fisher, Simon Perkins, Ashley Walker, Erik Wolfart},
  year={2003},
  publisher={HIPR2},
  url={https://homepages.inf.ed.ac.uk/rbf/HIPR2/skeleton.htm}
}